<record><leader>00000cas a22000007a 4500</leader><controlfield tag="001">13154016</controlfield><controlfield tag="008">860214d18411842txuwr ne      0    0eng  </controlfield><controlfield tag="009">466</controlfield><datafield ind1=" " ind2=" " tag="010"><subfield code="a">sn 86071095 </subfield></datafield><datafield ind1=" " ind2=" " tag="040"><subfield code="a">DLC</subfield><subfield code="b">eng</subfield><subfield code="c">DLC</subfield><subfield code="d">PPM</subfield><subfield code="d">IUA</subfield><subfield code="d">OCLCO</subfield><subfield code="d">OCLCF</subfield></datafield><datafield ind1="1" ind2=" " tag="029"><subfield code="a">AU@</subfield><subfield code="b">000025832358</subfield></datafield><datafield ind1=" " ind2=" " tag="042"><subfield code="a">msc</subfield></datafield><datafield ind1="0" ind2="0" tag="050"><subfield code="a">Newspaper 9882-X</subfield></datafield><datafield ind1="0" ind2="4" tag="245"><subfield code="a">The Weekly Texian.</subfield></datafield><datafield ind1="1" ind2="3" tag="246"><subfield code="a">Texian</subfield></datafield><datafield ind1=" " ind2=" " tag="260"><subfield code="a">Austin, [Tex.] :</subfield><subfield code="b">G.H. Harrison,</subfield><subfield code="c">1841-</subfield></datafield><datafield ind1=" " ind2=" " tag="300"><subfield code="a">v. ;</subfield><subfield code="c">53 cm.</subfield></datafield><datafield ind1=" " ind2=" " tag="310"><subfield code="a">Weekly</subfield></datafield><datafield ind1="0" ind2=" " tag="362"><subfield code="a">Vol. 1 no. 1 (Nov. 25, 1841)-</subfield></datafield><datafield ind1="1" ind2=" " tag="362"><subfield code="a">Ceased in Mar. (?) 1842.</subfield><subfield code="z">Cf. Newspapers in microform, 1948-1983.</subfield></datafield><datafield ind1=" " ind2=" " tag="580"><subfield code="a">Also published in a daily ed. called: Daily Texian.</subfield></datafield><datafield ind1=" " ind2="0" tag="651"><subfield code="a">Austin (Tex.)</subfield><subfield code="v">Newspapers.</subfield></datafield><datafield ind1=" " ind2="7" tag="655"><subfield code="a">Newspapers.</subfield><subfield code="2">fast</subfield><subfield code="0">(OCoLC)fst01423814</subfield></datafield><datafield ind1=" " ind2="7" tag="651"><subfield code="a">Texas</subfield><subfield code="z">Austin.</subfield><subfield code="2">fast</subfield><subfield code="0">(OCoLC)fst01204313</subfield></datafield><datafield ind1=" " ind2=" " tag="752"><subfield code="a">United States</subfield><subfield code="b">Texas</subfield><subfield code="c">Travis</subfield><subfield code="d">Austin.</subfield></datafield><datafield ind1="1" ind2=" " tag="775"><subfield code="t">Daily Texian (Austin, Tex. : 1841)</subfield><subfield code="w">(DLC)sn 86071096</subfield></datafield><datafield ind1="0" ind2="0" tag="780"><subfield code="t">Texas sentinel (Austin, Tex. : 1840)</subfield></datafield><datafield ind1="0" ind2="7" tag="785"><subfield code="t">Brazos farmer</subfield></datafield><datafield ind1="0" ind2="7" tag="785"><subfield code="t">Texian and Brazos farmer</subfield></datafield></record>